% put bibtex entries here!
@online{shaliziLecture,
  author = {Cosma Shalizi},
  title = {Lecture 6: The Method of Maximum Likelihood for Simple Linear Regression},
  year = {2015},
  url = {https://www.stat.cmu.edu/~cshalizi/mreg/15/lectures/06/lecture-06.pdf},
  note = {Accessed: 2024-03-02}
}

@book{dingFirstCourse,
  author = {Ding, P.},
  title = {A First Course in Causal Inference},
  year = {2023}
}

@article{liuRepeatedlyMeasured,
  author = {Liu, K. and others},
  title = {Estimation of causal effects with repeatedly measured outcomes in a Bayesian framework},
  year = {2020},
  journal = {Statistical Methods in Medical Research}
}

@article{liuBayesianCausal,
  author = {Liu, K.},
  title = {Bayesian causal inference with longitudinal data},
  year = {2021}
}

@article{robinsMarginalStructural,
  author = {Robins, J. and others},
  title = {Marginal structural models and causal inference in epidemiology},
  year = {2000}
}

@article{saarelaBayesianEstimation,
  author = {Saarela, O. and others},
  title = {On Bayesian estimation of marginal structural models},
  year = {2015}
}

@misc{liu2023section3,
  author = {Liu, Kuan},
  title = {Section 3: Causal analysis with time-varying treatment},
  year = {2023},
  howpublished = {\url{https://kuan-liu.github.io/causal\_Quarto/section3.html}},
  note = {Accessed: 2024-03-02}
}

@misc{liu2023slides,
  author = {Liu, Kuan},
  title = {Introduction to causal inference and statistical methods for causal analysis in health services and outcome research},
  year = {2023},
  month = {November},
  note = {PIMS Machine Learning Workshop Series}
}